
@article{smart-card,
  Author = {Ronggong Song},
  Date-Added = {2014-06-04 19:02:20 +0000},
  Date-Modified = {2014-06-04 19:03:42 +0000},
  Journal = {Information and communications security, privacy and trust: Standards and Regulations},
  Keywords = {smart-based},
  Month = {October},
  Pages = {321-325},
  Title = {Advanced smart card based password authentication protocol},
  Volume = {32},
  Year = {2010}}

@webpage{ebay-hack,
  Date-Added = {2014-06-04 18:40:51 +0000},
  Date-Modified = {2014-06-04 18:41:51 +0000},
  Keywords = {hack},
  Title = {eBay hacked},
  howpublished = {\url{http://metro.co.uk/2014/05/21/ebay-hack-128-million-told-to-change-password-after-major-cyber-attack-where-customer-details-were-stolen-4735660/}}}

@url{google-2-step,
  Date-Added = {2014-06-04 18:59:42 +0000},
  Date-Modified = {2014-06-04 19:12:40 +0000},
  Keywords = {2-step},
  Title = {Google 2-Step Verification},
  howpublished = {\url{http://www.google.com/landing/2step/}},
  Year = {2013}}

@article{passgo,
  Author = {Robert Biddle, Sonia Chiasson, P.C. Van Oorschot},
  Date-Added = {2014-06-04 18:44:07 +0000},
  Date-Modified = {2014-06-04 18:46:02 +0000},
  Journal = {ACM Computing Surveys},
  Keywords = {PassGo},
  Number = {19},
  Title = {Graphical passwords: Learning from the first twelve years},
  Volume = {44},
  Year = {2012}}


@url{rsa-hack,
  Date-Added = {2014-06-05 15:30:18 +0000},
  Date-Modified = {2014-06-05 15:30:45 +0000},
  Keywords = {rsa},
  Title = {RSA finally comes clean: SecurID is compromised},
  howpublished = {\url{http://arstechnica.com/security/2011/06/rsa-finally-comes-clean-securid-is-compromised/}}}


@url{nfc-hce-stack,
  Date-Added = {2014-06-04 18:39:22 +0000},
  Date-Modified = {2014-06-05 02:58:16 +0000},
  Keywords = {nfc},
  Title = {Host-based Card Emulation},
  howpublished = {\url{https://developer.android.com/guide/topics/connectivity/nfc/hce.html}}}

@webpage{libnfc,
  Date-Added = {2014-06-04 18:28:29 +0000},
  Date-Modified = {2014-06-04 18:41:59 +0000},
  Keywords = {Libnfc},
  Read = {0},
  Title = {Libnfc},
  howpublished = {\url{https://code.google.com/p/libnfc/}}}

@webpage{nfc-wiki,
  Date-Added = {2014-06-04 18:33:20 +0000},
  Date-Modified = {2014-06-04 18:40:36 +0000},
  Keywords = {nfc},
  Rating = {0},
  Title = {Near field communication},
  howpublished = {\url{http://en.wikipedia.org/wiki/Near_field_communication}}}

@webpage{nfc-ble-1,
  Date-Added = {2014-06-04 18:35:59 +0000},
  Date-Modified = {2014-06-04 18:40:48 +0000},
  Keywords = {nfc},
  Title = {Near Field Communication versus Bluetooth},
  howpublished = {\url{http://www.nearfieldcommunication.org/bluetooth.html}}}

@webpage{openid,
  Date-Added = {2014-06-04 18:54:29 +0000},
  Date-Modified = {2014-06-04 18:54:48 +0000},
  Keywords = {openid},
  Title = {OpenID},
  howpublished = {\url{http://openid.net/}}}


@article{password-security,
  Author = {Robert Morris, Ken Thompson},
  Date-Added = {2014-06-04 19:04:48 +0000},
  Date-Modified = {2014-06-04 19:05:49 +0000},
  Journal = {Communications of the ACM},
  Keywords = {password},
  Month = {Nov.},
  Pages = {594-597},
  Title = {Password security: a case history},
  Volume = {22},
  Year = {1979}}

@webpage{rsa-securid,
  Date-Added = {2014-06-04 18:55:36 +0000},
  Date-Modified = {2014-06-04 18:56:03 +0000},
  Keywords = {SecurID},
  Title = {RSA SecurID},
  howpublished = {\url{http://www.emc.com/security/rsa-securid.htm}}}


@article{password-usability,
  Author = {Anne Adams, Martina Angela Sasse},
  Date-Added = {2014-06-04 19:07:27 +0000},
  Date-Modified = {2014-06-04 19:09:34 +0000},
  Journal = {ACM},
  Keywords = {password},
  Title = {USERS ARE NOT THE ENEMY},
  Year = {1999}}

@webpage{threat-model,
  Date-Added = {2014-06-04 18:53:29 +0000},
  Date-Modified = {2014-06-04 18:53:57 +0000},
  Keywords = {threat model},
  Title = {Web Application Threat Model},
  howpublished = {\url{http://msdn.microsoft.com/en-us/library/ms978531.aspx}}}

@webpage{nfc-ble-2,
  Date-Added = {2014-06-04 18:38:13 +0000},
  Date-Modified = {2014-06-04 18:40:44 +0000},
  Keywords = {nfc},
  Title = {What Is NFC and Why Should I Care},
  howpublished = {\url{http://iphone.appstorm.net/general/hardware-news/what-is-nfc-and-why-should-i-\ care/}}}

@webpage{openid-flow,
  Date-Added = {2014-06-04 18:55:04 +0000},
  Date-Modified = {2014-06-04 18:55:13 +0000},
  Keywords = {openid},
  Title = {Managing OpenID trusted sites},
  howpublished = {\url{http://www.ibm.com/developerworks/tivoli/library/t-openid-tfim/index.html?ca=dat}}}


@techreport{password-extended,
  Author = {Joseph, Bonneau and Cormac, Herley and Paul C. van Oorschot and Frank, Stajano},
  Date-Added = {2014-06-04 18:50:37 +0000},
  Date-Modified = {2014-06-05 03:25:31 +0000},
  Institution = {University of Cambridge, Computer Laboratory},
  Keywords = {Authentication},
  Month = {March},
  Number = {817},
  Title = {The quest to replace passwords: a framework for comparative evaluation of Web authentication schemes},
  Year = {2012}}

@url{nfc-visa,
  Date-Added = {2014-06-05 15:21:32 +0000},
  Date-Modified = {2014-06-05 15:22:45 +0000},
  Keywords = {nfc},
  Title = {Visa and MasterCard use Android KitKat to make mobile payments easier},
  howpublished = {\url{http://www.theverge.com/2014/2/19/5425634/visa-mastercard-enable-hce-mobile-payments http://www.theverge.com/2014/2/19/5425634/visa-mastercard-enable-hce-mobile-payments}}}


@manual{yubikey,
  Date-Added = {2014-06-04 18:56:30 +0000},
  Date-Modified = {2014-06-05 03:27:22 +0000},
  Keywords = {yubikey},
  Organization = {yubico},
  Title = {The YubiKey Manual},
  Year = {2009}}
